%YAML 1.1
%TAG !u! tag:unity3d.com,2011:
--- !u!29 &1
SceneSettings:
  m_ObjectHideFlags: 0
  m_PVSData: 
  m_PVSObjectsArray: []
  m_PVSPortalsArray: []
  m_OcclusionBakeSettings:
    smallestOccluder: 5
    smallestHole: .25
    backfaceThreshold: 100
--- !u!104 &2
RenderSettings:
  m_ObjectHideFlags: 0
  serializedVersion: 6
  m_Fog: 0
  m_FogColor: {r: .5, g: .5, b: .5, a: 1}
  m_FogMode: 3
  m_FogDensity: .00999999978
  m_LinearFogStart: 0
  m_LinearFogEnd: 300
  m_AmbientSkyColor: {r: .211999997, g: .226999998, b: .259000003, a: 1}
  m_AmbientEquatorColor: {r: .114, g: .125, b: .133000001, a: 1}
  m_AmbientGroundColor: {r: .0469999984, g: .0430000015, b: .0350000001, a: 1}
  m_AmbientIntensity: 1
  m_AmbientMode: 3
  m_SkyboxMaterial: {fileID: 0}
  m_HaloStrength: .5
  m_FlareStrength: 1
  m_FlareFadeSpeed: 3
  m_HaloTexture: {fileID: 0}
  m_SpotCookie: {fileID: 10001, guid: 0000000000000000e000000000000000, type: 0}
  m_DefaultReflectionMode: 0
  m_DefaultReflectionResolution: 128
  m_ReflectionBounces: 1
  m_ReflectionIntensity: 1
  m_CustomReflection: {fileID: 0}
  m_Sun: {fileID: 0}
--- !u!157 &3
LightmapSettings:
  m_ObjectHideFlags: 0
  serializedVersion: 5
  m_GIWorkflowMode: 1
  m_LightmapsMode: 1
  m_GISettings:
    serializedVersion: 2
    m_BounceScale: 1
    m_IndirectOutputScale: 1
    m_AlbedoBoost: 1
    m_TemporalCoherenceThreshold: 1
    m_EnvironmentLightingMode: 0
    m_EnableBakedLightmaps: 0
    m_EnableRealtimeLightmaps: 0
  m_LightmapEditorSettings:
    serializedVersion: 3
    m_Resolution: 2
    m_BakeResolution: 40
    m_TextureWidth: 1024
    m_TextureHeight: 1024
    m_AOMaxDistance: 1
    m_Padding: 2
    m_CompAOExponent: 0
    m_LightmapParameters: {fileID: 0}
    m_TextureCompression: 1
    m_FinalGather: 0
    m_FinalGatherRayCount: 1024
    m_ReflectionCompression: 2
  m_LightmapSnapshot: {fileID: 0}
  m_RuntimeCPUUsage: 25
--- !u!196 &4
NavMeshSettings:
  serializedVersion: 2
  m_ObjectHideFlags: 0
  m_BuildSettings:
    serializedVersion: 2
    agentRadius: .5
    agentHeight: 2
    agentSlope: 45
    agentClimb: .400000006
    ledgeDropHeight: 0
    maxJumpAcrossDistance: 0
    accuratePlacement: 0
    minRegionArea: 2
    cellSize: .166666672
    manualCellSize: 0
  m_NavMeshData: {fileID: 0}
--- !u!1 &29519826
GameObject:
  m_ObjectHideFlags: 0
  m_PrefabParentObject: {fileID: 170838, guid: 9c7d38fc3e2acc548939c297129961df, type: 2}
  m_PrefabInternal: {fileID: 1789098443}
  serializedVersion: 4
  m_Component:
  - 224: {fileID: 29519827}
  - 114: {fileID: 29519829}
  - 114: {fileID: 29519828}
  m_Layer: 0
  m_Name: ButtonArea
  m_TagString: Untagged
  m_Icon: {fileID: 0}
  m_NavMeshLayer: 0
  m_StaticEditorFlags: 0
  m_IsActive: 1
--- !u!224 &29519827
RectTransform:
  m_ObjectHideFlags: 0
  m_PrefabParentObject: {fileID: 22402500, guid: 9c7d38fc3e2acc548939c297129961df,
    type: 2}
  m_PrefabInternal: {fileID: 1789098443}
  m_GameObject: {fileID: 29519826}
  m_LocalRotation: {x: 0, y: 0, z: 0, w: 1}
  m_LocalPosition: {x: 0, y: 0, z: 0}
  m_LocalScale: {x: 1, y: 1, z: 1}
  m_Children:
  - {fileID: 2098136142}
  - {fileID: 1920938934}
  - {fileID: 1694395369}
  m_Father: {fileID: 1789098444}
  m_RootOrder: 2
  m_AnchorMin: {x: 0, y: 0}
  m_AnchorMax: {x: 0, y: 0}
  m_AnchoredPosition: {x: 0, y: 0}
  m_SizeDelta: {x: 0, y: 0}
  m_Pivot: {x: .5, y: .5}
--- !u!114 &29519828
MonoBehaviour:
  m_ObjectHideFlags: 0
  m_PrefabParentObject: {fileID: 11439114, guid: 9c7d38fc3e2acc548939c297129961df,
    type: 2}
  m_PrefabInternal: {fileID: 1789098443}
  m_GameObject: {fileID: 29519826}
  m_Enabled: 1
  m_EditorHideFlags: 0
  m_Script: {fileID: -405508275, guid: f5f67c52d1564df4a8936ccd202a3bd8, type: 3}
  m_Name: 
  m_EditorClassIdentifier: 
  m_Padding:
    m_Left: 15
    m_Right: 15
    m_Top: 0
    m_Bottom: 15
  m_ChildAlignment: 4
  m_Spacing: 25
  m_ChildForceExpandWidth: 0
  m_ChildForceExpandHeight: 0
--- !u!114 &29519829
MonoBehaviour:
  m_ObjectHideFlags: 0
  m_PrefabParentObject: {fileID: 11471620, guid: 9c7d38fc3e2acc548939c297129961df,
    type: 2}
  m_PrefabInternal: {fileID: 1789098443}
  m_GameObject: {fileID: 29519826}
  m_Enabled: 0
  m_EditorHideFlags: 0
  m_Script: {fileID: 1679637790, guid: f5f67c52d1564df4a8936ccd202a3bd8, type: 3}
  m_Name: 
  m_EditorClassIdentifier: 
  m_IgnoreLayout: 0
  m_MinWidth: -1
  m_MinHeight: 100
  m_PreferredWidth: -1
  m_PreferredHeight: -1
  m_FlexibleWidth: 1
  m_FlexibleHeight: -1
--- !u!1 &119072605
GameObject:
  m_ObjectHideFlags: 0
  m_PrefabParentObject: {fileID: 170602, guid: 9c7d38fc3e2acc548939c297129961df, type: 2}
  m_PrefabInternal: {fileID: 1789098443}
  serializedVersion: 4
  m_Component:
  - 224: {fileID: 119072606}
  - 222: {fileID: 119072611}
  - 114: {fileID: 119072610}
  - 114: {fileID: 119072609}
  - 114: {fileID: 119072608}
  - 114: {fileID: 119072607}
  m_Layer: 5
  m_Name: UIClickLabel
  m_TagString: Untagged
  m_Icon: {fileID: 0}
  m_NavMeshLayer: 0
  m_StaticEditorFlags: 0
  m_IsActive: 0
--- !u!224 &119072606
RectTransform:
  m_ObjectHideFlags: 0
  m_PrefabParentObject: {fileID: 22437314, guid: 9c7d38fc3e2acc548939c297129961df,
    type: 2}
  m_PrefabInternal: {fileID: 1789098443}
  m_GameObject: {fileID: 119072605}
  m_LocalRotation: {x: 0, y: 0, z: 0, w: 1}
  m_LocalPosition: {x: 0, y: 0, z: 0}
  m_LocalScale: {x: .879939437, y: .879939437, z: .879939437}
  m_Children:
  - {fileID: 1872840898}
  m_Father: {fileID: 599426370}
  m_RootOrder: 0
  m_AnchorMin: {x: 0, y: 1}
  m_AnchorMax: {x: 0, y: 1}
  m_AnchoredPosition: {x: 148.750778, y: -181.406189}
  m_SizeDelta: {x: 297.501556, y: 150}
  m_Pivot: {x: .5, y: .5}
--- !u!114 &119072607
MonoBehaviour:
  m_ObjectHideFlags: 0
  m_PrefabParentObject: {fileID: 11443332, guid: 9c7d38fc3e2acc548939c297129961df,
    type: 2}
  m_PrefabInternal: {fileID: 1789098443}
  m_GameObject: {fileID: 119072605}
  m_Enabled: 1
  m_EditorHideFlags: 0
  m_Script: {fileID: 1679637790, guid: f5f67c52d1564df4a8936ccd202a3bd8, type: 3}
  m_Name: 
  m_EditorClassIdentifier: 
  m_IgnoreLayout: 0
  m_MinWidth: -1
  m_MinHeight: -1
  m_PreferredWidth: -1
  m_PreferredHeight: 150
  m_FlexibleWidth: 1
  m_FlexibleHeight: -1
--- !u!114 &119072608
MonoBehaviour:
  m_ObjectHideFlags: 0
  m_PrefabParentObject: {fileID: 11402002, guid: 9c7d38fc3e2acc548939c297129961df,
    type: 2}
  m_PrefabInternal: {fileID: 1789098443}
  m_GameObject: {fileID: 119072605}
  m_Enabled: 1
  m_EditorHideFlags: 0
  m_Script: {fileID: 1392445389, guid: f5f67c52d1564df4a8936ccd202a3bd8, type: 3}
  m_Name: 
  m_EditorClassIdentifier: 
  m_Navigation:
    m_Mode: 3
    m_SelectOnUp: {fileID: 0}
    m_SelectOnDown: {fileID: 0}
    m_SelectOnLeft: {fileID: 0}
    m_SelectOnRight: {fileID: 0}
  m_Transition: 1
  m_Colors:
    m_NormalColor: {r: 1, g: 1, b: 1, a: 1}
    m_HighlightedColor: {r: .845588207, g: .845588207, b: .845588207, a: 1}
    m_PressedColor: {r: .698529422, g: .729346871, b: .729346871, a: 1}
    m_DisabledColor: {r: .784313738, g: .784313738, b: .784313738, a: .501960814}
    m_ColorMultiplier: 1
    m_FadeDuration: .100000001
  m_SpriteState:
    m_HighlightedSprite: {fileID: 0}
    m_PressedSprite: {fileID: 0}
    m_DisabledSprite: {fileID: 0}
  m_AnimationTriggers:
    m_NormalTrigger: Normal
    m_HighlightedTrigger: Highlighted
    m_PressedTrigger: Pressed
    m_DisabledTrigger: Disabled
  m_Interactable: 1
  m_TargetGraphic: {fileID: 119072610}
  m_OnClick:
    m_PersistentCalls:
      m_Calls: []
    m_TypeName: UnityEngine.UI.Button+ButtonClickedEvent, UnityEngine.UI, Version=1.0.0.0,
      Culture=neutral, PublicKeyToken=null
--- !u!114 &119072609
MonoBehaviour:
  m_ObjectHideFlags: 0
  m_PrefabParentObject: {fileID: 11457708, guid: 9c7d38fc3e2acc548939c297129961df,
    type: 2}
  m_PrefabInternal: {fileID: 1789098443}
  m_GameObject: {fileID: 119072605}
  m_Enabled: 1
  m_EditorHideFlags: 0
  m_Script: {fileID: 11500000, guid: 8b0c8bd42d081824fb0bcaa681262550, type: 3}
  m_Name: 
  m_EditorClassIdentifier: 
--- !u!114 &119072610
MonoBehaviour:
  m_ObjectHideFlags: 0
  m_PrefabParentObject: {fileID: 11492820, guid: 9c7d38fc3e2acc548939c297129961df,
    type: 2}
  m_PrefabInternal: {fileID: 1789098443}
  m_GameObject: {fileID: 119072605}
  m_Enabled: 1
  m_EditorHideFlags: 0
  m_Script: {fileID: -765806418, guid: f5f67c52d1564df4a8936ccd202a3bd8, type: 3}
  m_Name: 
  m_EditorClassIdentifier: 
  m_Material: {fileID: 0}
  m_Color: {r: .79411763, g: .79411763, b: .79411763, a: 1}
  m_RaycastTarget: 1
  m_OnCullStateChanged:
    m_PersistentCalls:
      m_Calls: []
    m_TypeName: UnityEngine.UI.MaskableGraphic+CullStateChangedEvent, UnityEngine.UI,
      Version=1.0.0.0, Culture=neutral, PublicKeyToken=null
  m_Sprite: {fileID: 21300000, guid: 7cd343ffa556bf24faae44aa804f849e, type: 3}
  m_Type: 1
  m_PreserveAspect: 0
  m_FillCenter: 1
  m_FillMethod: 4
  m_FillAmount: 1
  m_FillClockwise: 1
  m_FillOrigin: 0
--- !u!222 &119072611
CanvasRenderer:
  m_ObjectHideFlags: 0
  m_PrefabParentObject: {fileID: 22281688, guid: 9c7d38fc3e2acc548939c297129961df,
    type: 2}
  m_PrefabInternal: {fileID: 1789098443}
  m_GameObject: {fileID: 119072605}
--- !u!1 &217161709
GameObject:
  m_ObjectHideFlags: 0
  m_PrefabParentObject: {fileID: 189604, guid: 9c7d38fc3e2acc548939c297129961df, type: 2}
  m_PrefabInternal: {fileID: 1789098443}
  serializedVersion: 4
  m_Component:
  - 224: {fileID: 217161710}
  - 222: {fileID: 217161712}
  - 114: {fileID: 217161711}
  m_Layer: 5
  m_Name: Text
  m_TagString: Untagged
  m_Icon: {fileID: 0}
  m_NavMeshLayer: 0
  m_StaticEditorFlags: 0
  m_IsActive: 1
--- !u!224 &217161710
RectTransform:
  m_ObjectHideFlags: 0
  m_PrefabParentObject: {fileID: 22440600, guid: 9c7d38fc3e2acc548939c297129961df,
    type: 2}
  m_PrefabInternal: {fileID: 1789098443}
  m_GameObject: {fileID: 217161709}
  m_LocalRotation: {x: 0, y: 0, z: 0, w: 1}
  m_LocalPosition: {x: 0, y: 0, z: 0}
  m_LocalScale: {x: 1, y: 1, z: 1}
  m_Children: []
  m_Father: {fileID: 1920938934}
  m_RootOrder: 0
  m_AnchorMin: {x: 0, y: 0}
  m_AnchorMax: {x: 1, y: 1}
  m_AnchoredPosition: {x: 0, y: 0}
  m_SizeDelta: {x: 0, y: 0}
  m_Pivot: {x: .5, y: .5}
--- !u!114 &217161711
MonoBehaviour:
  m_ObjectHideFlags: 0
  m_PrefabParentObject: {fileID: 11455318, guid: 9c7d38fc3e2acc548939c297129961df,
    type: 2}
  m_PrefabInternal: {fileID: 1789098443}
  m_GameObject: {fileID: 217161709}
  m_Enabled: 1
  m_EditorHideFlags: 0
  m_Script: {fileID: 708705254, guid: f5f67c52d1564df4a8936ccd202a3bd8, type: 3}
  m_Name: 
  m_EditorClassIdentifier: 
  m_Material: {fileID: 0}
  m_Color: {r: 1, g: 1, b: 1, a: 1}
  m_RaycastTarget: 1
  m_OnCullStateChanged:
    m_PersistentCalls:
      m_Calls: []
    m_TypeName: UnityEngine.UI.MaskableGraphic+CullStateChangedEvent, UnityEngine.UI,
      Version=1.0.0.0, Culture=neutral, PublicKeyToken=null
  m_FontData:
    m_Font: {fileID: 12800000, guid: f3c49730a04001c4db7a724b96aae75f, type: 3}
    m_FontSize: 14
    m_FontStyle: 0
    m_BestFit: 1
    m_MinSize: 10
    m_MaxSize: 30
    m_Alignment: 4
    m_RichText: 1
    m_HorizontalOverflow: 0
    m_VerticalOverflow: 0
    m_LineSpacing: 1
  m_Text: "Best\xE4tigen"
--- !u!222 &217161712
CanvasRenderer:
  m_ObjectHideFlags: 0
  m_PrefabParentObject: {fileID: 22265156, guid: 9c7d38fc3e2acc548939c297129961df,
    type: 2}
  m_PrefabInternal: {fileID: 1789098443}
  m_GameObject: {fileID: 217161709}
--- !u!1 &457668138
GameObject:
  m_ObjectHideFlags: 0
  m_PrefabParentObject: {fileID: 135830, guid: 9c7d38fc3e2acc548939c297129961df, type: 2}
  m_PrefabInternal: {fileID: 1789098443}
  serializedVersion: 4
  m_Component:
  - 224: {fileID: 457668139}
  - 222: {fileID: 457668141}
  - 114: {fileID: 457668140}
  m_Layer: 5
  m_Name: Text
  m_TagString: Untagged
  m_Icon: {fileID: 0}
  m_NavMeshLayer: 0
  m_StaticEditorFlags: 0
  m_IsActive: 1
--- !u!224 &457668139
RectTransform:
  m_ObjectHideFlags: 0
  m_PrefabParentObject: {fileID: 22409700, guid: 9c7d38fc3e2acc548939c297129961df,
    type: 2}
  m_PrefabInternal: {fileID: 1789098443}
  m_GameObject: {fileID: 457668138}
  m_LocalRotation: {x: 0, y: 0, z: 0, w: 1}
  m_LocalPosition: {x: 0, y: 0, z: 0}
  m_LocalScale: {x: 1, y: 1, z: 1}
  m_Children: []
  m_Father: {fileID: 1694395369}
  m_RootOrder: 0
  m_AnchorMin: {x: 0, y: 0}
  m_AnchorMax: {x: 1, y: 1}
  m_AnchoredPosition: {x: 0, y: 0}
  m_SizeDelta: {x: 0, y: 0}
  m_Pivot: {x: .5, y: .5}
--- !u!114 &457668140
MonoBehaviour:
  m_ObjectHideFlags: 0
  m_PrefabParentObject: {fileID: 11406302, guid: 9c7d38fc3e2acc548939c297129961df,
    type: 2}
  m_PrefabInternal: {fileID: 1789098443}
  m_GameObject: {fileID: 457668138}
  m_Enabled: 1
  m_EditorHideFlags: 0
  m_Script: {fileID: 708705254, guid: f5f67c52d1564df4a8936ccd202a3bd8, type: 3}
  m_Name: 
  m_EditorClassIdentifier: 
  m_Material: {fileID: 0}
  m_Color: {r: 1, g: 1, b: 1, a: 1}
  m_RaycastTarget: 1
  m_OnCullStateChanged:
    m_PersistentCalls:
      m_Calls: []
    m_TypeName: UnityEngine.UI.MaskableGraphic+CullStateChangedEvent, UnityEngine.UI,
      Version=1.0.0.0, Culture=neutral, PublicKeyToken=null
  m_FontData:
    m_Font: {fileID: 12800000, guid: f3c49730a04001c4db7a724b96aae75f, type: 3}
    m_FontSize: 12
    m_FontStyle: 0
    m_BestFit: 1
    m_MinSize: 10
    m_MaxSize: 30
    m_Alignment: 4
    m_RichText: 1
    m_HorizontalOverflow: 0
    m_VerticalOverflow: 0
    m_LineSpacing: 1
  m_Text: "N\xE4chste"
--- !u!222 &457668141
CanvasRenderer:
  m_ObjectHideFlags: 0
  m_PrefabParentObject: {fileID: 22213548, guid: 9c7d38fc3e2acc548939c297129961df,
    type: 2}
  m_PrefabInternal: {fileID: 1789098443}
  m_GameObject: {fileID: 457668138}
--- !u!1 &599426369
GameObject:
  m_ObjectHideFlags: 0
  m_PrefabParentObject: {fileID: 188190, guid: 9c7d38fc3e2acc548939c297129961df, type: 2}
  m_PrefabInternal: {fileID: 1789098443}
  serializedVersion: 4
  m_Component:
  - 224: {fileID: 599426370}
  - 114: {fileID: 599426372}
  - 114: {fileID: 599426371}
  m_Layer: 0
  m_Name: TermHolder
  m_TagString: Untagged
  m_Icon: {fileID: 0}
  m_NavMeshLayer: 0
  m_StaticEditorFlags: 0
  m_IsActive: 1
--- !u!224 &599426370
RectTransform:
  m_ObjectHideFlags: 0
  m_PrefabParentObject: {fileID: 22451912, guid: 9c7d38fc3e2acc548939c297129961df,
    type: 2}
  m_PrefabInternal: {fileID: 1789098443}
  m_GameObject: {fileID: 599426369}
  m_LocalRotation: {x: 0, y: 0, z: 0, w: 1}
  m_LocalPosition: {x: 0, y: 0, z: 0}
  m_LocalScale: {x: 1, y: 1, z: 1}
  m_Children:
  - {fileID: 119072606}
  - {fileID: 2052780843}
  - {fileID: 749473636}
  m_Father: {fileID: 1789098444}
  m_RootOrder: 1
  m_AnchorMin: {x: 0, y: 0}
  m_AnchorMax: {x: 0, y: 0}
  m_AnchoredPosition: {x: 0, y: 0}
  m_SizeDelta: {x: 0, y: 0}
  m_Pivot: {x: .5, y: .5}
--- !u!114 &599426371
MonoBehaviour:
  m_ObjectHideFlags: 0
  m_PrefabParentObject: {fileID: 11465152, guid: 9c7d38fc3e2acc548939c297129961df,
    type: 2}
  m_PrefabInternal: {fileID: 1789098443}
  m_GameObject: {fileID: 599426369}
  m_Enabled: 1
  m_EditorHideFlags: 0
  m_Script: {fileID: -405508275, guid: f5f67c52d1564df4a8936ccd202a3bd8, type: 3}
  m_Name: 
  m_EditorClassIdentifier: 
  m_Padding:
    m_Left: 0
    m_Right: 0
    m_Top: 0
    m_Bottom: 0
  m_ChildAlignment: 4
  m_Spacing: 0
  m_ChildForceExpandWidth: 1
  m_ChildForceExpandHeight: 0
--- !u!114 &599426372
MonoBehaviour:
  m_ObjectHideFlags: 0
  m_PrefabParentObject: {fileID: 11472312, guid: 9c7d38fc3e2acc548939c297129961df,
    type: 2}
  m_PrefabInternal: {fileID: 1789098443}
  m_GameObject: {fileID: 599426369}
  m_Enabled: 1
  m_EditorHideFlags: 0
  m_Script: {fileID: 1679637790, guid: f5f67c52d1564df4a8936ccd202a3bd8, type: 3}
  m_Name: 
  m_EditorClassIdentifier: 
  m_IgnoreLayout: 0
  m_MinWidth: -1
  m_MinHeight: -1
  m_PreferredWidth: -1
  m_PreferredHeight: -1
  m_FlexibleWidth: 1
  m_FlexibleHeight: 1
--- !u!1 &641695439
GameObject:
  m_ObjectHideFlags: 0
  m_PrefabParentObject: {fileID: 146730, guid: 9c7d38fc3e2acc548939c297129961df, type: 2}
  m_PrefabInternal: {fileID: 1789098443}
  serializedVersion: 4
  m_Component:
  - 224: {fileID: 641695440}
  - 114: {fileID: 641695441}
  m_Layer: 0
  m_Name: HeaderHolder
  m_TagString: Untagged
  m_Icon: {fileID: 0}
  m_NavMeshLayer: 0
  m_StaticEditorFlags: 0
  m_IsActive: 1
--- !u!224 &641695440
RectTransform:
  m_ObjectHideFlags: 0
  m_PrefabParentObject: {fileID: 22475522, guid: 9c7d38fc3e2acc548939c297129961df,
    type: 2}
  m_PrefabInternal: {fileID: 1789098443}
  m_GameObject: {fileID: 641695439}
  m_LocalRotation: {x: 0, y: 0, z: 0, w: 1}
  m_LocalPosition: {x: 0, y: 0, z: 0}
  m_LocalScale: {x: 1, y: 1, z: 1}
  m_Children: []
  m_Father: {fileID: 1789098444}
  m_RootOrder: 0
  m_AnchorMin: {x: 0, y: 0}
  m_AnchorMax: {x: 0, y: 0}
  m_AnchoredPosition: {x: 0, y: 0}
  m_SizeDelta: {x: 0, y: 0}
  m_Pivot: {x: .5, y: .5}
--- !u!114 &641695441
MonoBehaviour:
  m_ObjectHideFlags: 0
  m_PrefabParentObject: {fileID: 11453122, guid: 9c7d38fc3e2acc548939c297129961df,
    type: 2}
  m_PrefabInternal: {fileID: 1789098443}
  m_GameObject: {fileID: 641695439}
  m_Enabled: 1
  m_EditorHideFlags: 0
  m_Script: {fileID: 1679637790, guid: f5f67c52d1564df4a8936ccd202a3bd8, type: 3}
  m_Name: 
  m_EditorClassIdentifier: 
  m_IgnoreLayout: 0
  m_MinWidth: -1
  m_MinHeight: 75
  m_PreferredWidth: -1
  m_PreferredHeight: -1
  m_FlexibleWidth: 1
  m_FlexibleHeight: -1
--- !u!1 &749473635
GameObject:
  m_ObjectHideFlags: 0
  m_PrefabParentObject: {fileID: 190016, guid: 9c7d38fc3e2acc548939c297129961df, type: 2}
  m_PrefabInternal: {fileID: 1789098443}
  serializedVersion: 4
  m_Component:
  - 224: {fileID: 749473636}
  - 222: {fileID: 749473640}
  - 114: {fileID: 749473639}
  - 114: {fileID: 749473638}
  - 114: {fileID: 749473637}
  m_Layer: 5
  m_Name: UISolutionLabel
  m_TagString: Untagged
  m_Icon: {fileID: 0}
  m_NavMeshLayer: 0
  m_StaticEditorFlags: 0
  m_IsActive: 0
--- !u!224 &749473636
RectTransform:
  m_ObjectHideFlags: 0
  m_PrefabParentObject: {fileID: 22461212, guid: 9c7d38fc3e2acc548939c297129961df,
    type: 2}
  m_PrefabInternal: {fileID: 1789098443}
  m_GameObject: {fileID: 749473635}
  m_LocalRotation: {x: 0, y: 0, z: 0, w: 1}
  m_LocalPosition: {x: 0, y: 0, z: 0}
  m_LocalScale: {x: .879939437, y: .879939437, z: .879939437}
  m_Children:
  - {fileID: 1980315729}
  m_Father: {fileID: 599426370}
  m_RootOrder: 2
  m_AnchorMin: {x: 0, y: 1}
  m_AnchorMax: {x: 0, y: 1}
  m_AnchoredPosition: {x: 743.753906, y: -181.406189}
  m_SizeDelta: {x: 297.501556, y: 150}
  m_Pivot: {x: .5, y: .5}
--- !u!114 &749473637
MonoBehaviour:
  m_ObjectHideFlags: 0
  m_PrefabParentObject: {fileID: 11410544, guid: 9c7d38fc3e2acc548939c297129961df,
    type: 2}
  m_PrefabInternal: {fileID: 1789098443}
  m_GameObject: {fileID: 749473635}
  m_Enabled: 1
  m_EditorHideFlags: 0
  m_Script: {fileID: 1679637790, guid: f5f67c52d1564df4a8936ccd202a3bd8, type: 3}
  m_Name: 
  m_EditorClassIdentifier: 
  m_IgnoreLayout: 0
  m_MinWidth: -1
  m_MinHeight: -1
  m_PreferredWidth: -1
  m_PreferredHeight: 150
  m_FlexibleWidth: 1
  m_FlexibleHeight: -1
--- !u!114 &749473638
MonoBehaviour:
  m_ObjectHideFlags: 0
  m_PrefabParentObject: {fileID: 11492646, guid: 9c7d38fc3e2acc548939c297129961df,
    type: 2}
  m_PrefabInternal: {fileID: 1789098443}
  m_GameObject: {fileID: 749473635}
  m_Enabled: 1
  m_EditorHideFlags: 0
  m_Script: {fileID: 11500000, guid: 36d7855887477384e903469baca1901a, type: 3}
  m_Name: 
  m_EditorClassIdentifier: 
--- !u!114 &749473639
MonoBehaviour:
  m_ObjectHideFlags: 0
  m_PrefabParentObject: {fileID: 11460624, guid: 9c7d38fc3e2acc548939c297129961df,
    type: 2}
  m_PrefabInternal: {fileID: 1789098443}
  m_GameObject: {fileID: 749473635}
  m_Enabled: 1
  m_EditorHideFlags: 0
  m_Script: {fileID: -765806418, guid: f5f67c52d1564df4a8936ccd202a3bd8, type: 3}
  m_Name: 
  m_EditorClassIdentifier: 
  m_Material: {fileID: 0}
  m_Color: {r: 1, g: .517241359, b: 0, a: 1}
  m_RaycastTarget: 1
  m_OnCullStateChanged:
    m_PersistentCalls:
      m_Calls: []
    m_TypeName: UnityEngine.UI.MaskableGraphic+CullStateChangedEvent, UnityEngine.UI,
      Version=1.0.0.0, Culture=neutral, PublicKeyToken=null
  m_Sprite: {fileID: 21300000, guid: 7cd343ffa556bf24faae44aa804f849e, type: 3}
  m_Type: 1
  m_PreserveAspect: 0
  m_FillCenter: 1
  m_FillMethod: 4
  m_FillAmount: 1
  m_FillClockwise: 1
  m_FillOrigin: 0
--- !u!222 &749473640
CanvasRenderer:
  m_ObjectHideFlags: 0
  m_PrefabParentObject: {fileID: 22207444, guid: 9c7d38fc3e2acc548939c297129961df,
    type: 2}
  m_PrefabInternal: {fileID: 1789098443}
  m_GameObject: {fileID: 749473635}
--- !u!1 &976631667
GameObject:
  m_ObjectHideFlags: 0
  m_PrefabParentObject: {fileID: 158172, guid: 9c7d38fc3e2acc548939c297129961df, type: 2}
  m_PrefabInternal: {fileID: 1789098443}
  serializedVersion: 4
  m_Component:
  - 224: {fileID: 976631668}
  - 222: {fileID: 976631670}
  - 114: {fileID: 976631669}
  m_Layer: 5
  m_Name: Text
  m_TagString: Untagged
  m_Icon: {fileID: 0}
  m_NavMeshLayer: 0
  m_StaticEditorFlags: 0
  m_IsActive: 1
--- !u!224 &976631668
RectTransform:
  m_ObjectHideFlags: 0
  m_PrefabParentObject: {fileID: 22408720, guid: 9c7d38fc3e2acc548939c297129961df,
    type: 2}
  m_PrefabInternal: {fileID: 1789098443}
  m_GameObject: {fileID: 976631667}
  m_LocalRotation: {x: 0, y: 0, z: 0, w: 1}
  m_LocalPosition: {x: 0, y: 0, z: 0}
  m_LocalScale: {x: 1, y: 1, z: 1}
  m_Children: []
  m_Father: {fileID: 2098136142}
  m_RootOrder: 0
  m_AnchorMin: {x: 0, y: 0}
  m_AnchorMax: {x: 1, y: 1}
  m_AnchoredPosition: {x: 0, y: 0}
  m_SizeDelta: {x: 0, y: 0}
  m_Pivot: {x: .5, y: .5}
--- !u!114 &976631669
MonoBehaviour:
  m_ObjectHideFlags: 0
  m_PrefabParentObject: {fileID: 11495878, guid: 9c7d38fc3e2acc548939c297129961df,
    type: 2}
  m_PrefabInternal: {fileID: 1789098443}
  m_GameObject: {fileID: 976631667}
  m_Enabled: 1
  m_EditorHideFlags: 0
  m_Script: {fileID: 708705254, guid: f5f67c52d1564df4a8936ccd202a3bd8, type: 3}
  m_Name: 
  m_EditorClassIdentifier: 
  m_Material: {fileID: 0}
  m_Color: {r: 1, g: 1, b: 1, a: 1}
  m_RaycastTarget: 1
  m_OnCullStateChanged:
    m_PersistentCalls:
      m_Calls: []
    m_TypeName: UnityEngine.UI.MaskableGraphic+CullStateChangedEvent, UnityEngine.UI,
      Version=1.0.0.0, Culture=neutral, PublicKeyToken=null
  m_FontData:
    m_Font: {fileID: 12800000, guid: f3c49730a04001c4db7a724b96aae75f, type: 3}
    m_FontSize: 12
    m_FontStyle: 0
    m_BestFit: 1
    m_MinSize: 10
    m_MaxSize: 30
    m_Alignment: 4
    m_RichText: 1
    m_HorizontalOverflow: 0
    m_VerticalOverflow: 0
    m_LineSpacing: 1
  m_Text: Verlauf
--- !u!222 &976631670
CanvasRenderer:
  m_ObjectHideFlags: 0
  m_PrefabParentObject: {fileID: 22215160, guid: 9c7d38fc3e2acc548939c297129961df,
    type: 2}
  m_PrefabInternal: {fileID: 1789098443}
  m_GameObject: {fileID: 976631667}
--- !u!1 &1123811016
GameObject:
  m_ObjectHideFlags: 0
  m_PrefabParentObject: {fileID: 0}
  m_PrefabInternal: {fileID: 0}
  serializedVersion: 4
  m_Component:
  - 4: {fileID: 1123811021}
  - 20: {fileID: 1123811020}
  - 92: {fileID: 1123811019}
  - 124: {fileID: 1123811018}
  - 81: {fileID: 1123811017}
  m_Layer: 0
  m_Name: Main Camera
  m_TagString: MainCamera
  m_Icon: {fileID: 0}
  m_NavMeshLayer: 0
  m_StaticEditorFlags: 0
  m_IsActive: 1
--- !u!81 &1123811017
AudioListener:
  m_ObjectHideFlags: 0
  m_PrefabParentObject: {fileID: 0}
  m_PrefabInternal: {fileID: 0}
  m_GameObject: {fileID: 1123811016}
  m_Enabled: 1
--- !u!124 &1123811018
Behaviour:
  m_ObjectHideFlags: 0
  m_PrefabParentObject: {fileID: 0}
  m_PrefabInternal: {fileID: 0}
  m_GameObject: {fileID: 1123811016}
  m_Enabled: 1
--- !u!92 &1123811019
Behaviour:
  m_ObjectHideFlags: 0
  m_PrefabParentObject: {fileID: 0}
  m_PrefabInternal: {fileID: 0}
  m_GameObject: {fileID: 1123811016}
  m_Enabled: 1
--- !u!20 &1123811020
Camera:
  m_ObjectHideFlags: 0
  m_PrefabParentObject: {fileID: 0}
  m_PrefabInternal: {fileID: 0}
  m_GameObject: {fileID: 1123811016}
  m_Enabled: 1
  serializedVersion: 2
  m_ClearFlags: 1
  m_BackGroundColor: {r: .192156866, g: .301960796, b: .474509805, a: .0196078438}
  m_NormalizedViewPortRect:
    serializedVersion: 2
    x: 0
    y: 0
    width: 1
    height: 1
  near clip plane: .300000012
  far clip plane: 1000
  field of view: 60
  orthographic: 1
  orthographic size: 5
  m_Depth: -1
  m_CullingMask:
    serializedVersion: 2
    m_Bits: 4294967295
  m_RenderingPath: -1
  m_TargetTexture: {fileID: 0}
  m_TargetDisplay: 0
  m_TargetEye: 3
  m_HDR: 0
  m_OcclusionCulling: 1
  m_StereoConvergence: 10
  m_StereoSeparation: .0219999999
  m_StereoMirrorMode: 0
--- !u!4 &1123811021
Transform:
  m_ObjectHideFlags: 0
  m_PrefabParentObject: {fileID: 0}
  m_PrefabInternal: {fileID: 0}
  m_GameObject: {fileID: 1123811016}
  m_LocalRotation: {x: 0, y: 0, z: 0, w: 1}
  m_LocalPosition: {x: 0, y: 0, z: -10}
  m_LocalScale: {x: 1, y: 1, z: 1}
  m_Children: []
  m_Father: {fileID: 0}
  m_RootOrder: 0
--- !u!1 &1227253274
GameObject:
  m_ObjectHideFlags: 0
  m_PrefabParentObject: {fileID: 0}
  m_PrefabInternal: {fileID: 0}
  serializedVersion: 4
  m_Component:
  - 4: {fileID: 1227253275}
  - 114: {fileID: 1227253276}
  m_Layer: 0
  m_Name: Controller
  m_TagString: Untagged
  m_Icon: {fileID: 0}
  m_NavMeshLayer: 0
  m_StaticEditorFlags: 0
  m_IsActive: 1
--- !u!4 &1227253275
Transform:
  m_ObjectHideFlags: 0
  m_PrefabParentObject: {fileID: 0}
  m_PrefabInternal: {fileID: 0}
  m_GameObject: {fileID: 1227253274}
  m_LocalRotation: {x: 0, y: 0, z: 0, w: 1}
  m_LocalPosition: {x: 0, y: 0, z: 0}
  m_LocalScale: {x: 1, y: 1, z: 1}
  m_Children:
  - {fileID: 1789098444}
  m_Father: {fileID: 0}
  m_RootOrder: 2
--- !u!114 &1227253276
MonoBehaviour:
  m_ObjectHideFlags: 0
  m_PrefabParentObject: {fileID: 0}
  m_PrefabInternal: {fileID: 0}
  m_GameObject: {fileID: 1227253274}
  m_Enabled: 1
  m_EditorHideFlags: 0
  m_Script: {fileID: 11500000, guid: 309abbba9e591b84ea4bf5a42184b95d, type: 3}
  m_Name: 
  m_EditorClassIdentifier: 
--- !u!1 &1519134839
GameObject:
  m_ObjectHideFlags: 0
  m_PrefabParentObject: {fileID: 172690, guid: 9c7d38fc3e2acc548939c297129961df, type: 2}
  m_PrefabInternal: {fileID: 1789098443}
  serializedVersion: 4
  m_Component:
  - 224: {fileID: 1789098444}
  - 223: {fileID: 1519134846}
  - 114: {fileID: 1519134845}
  - 114: {fileID: 1519134844}
  - 114: {fileID: 1519134843}
  - 222: {fileID: 1519134842}
  - 114: {fileID: 1519134841}
  - 114: {fileID: 1519134840}
  m_Layer: 0
  m_Name: BooleanEquationGUI_Terme
  m_TagString: Untagged
  m_Icon: {fileID: 0}
  m_NavMeshLayer: 0
  m_StaticEditorFlags: 0
  m_IsActive: 0
--- !u!114 &1519134840
MonoBehaviour:
  m_ObjectHideFlags: 0
  m_PrefabParentObject: {fileID: 11483412, guid: 9c7d38fc3e2acc548939c297129961df,
    type: 2}
  m_PrefabInternal: {fileID: 1789098443}
  m_GameObject: {fileID: 1519134839}
  m_Enabled: 1
  m_EditorHideFlags: 0
  m_Script: {fileID: 1297475563, guid: f5f67c52d1564df4a8936ccd202a3bd8, type: 3}
  m_Name: 
  m_EditorClassIdentifier: 
  m_Padding:
    m_Left: 0
    m_Right: 0
    m_Top: 0
    m_Bottom: 0
  m_ChildAlignment: 0
  m_Spacing: 0
  m_ChildForceExpandWidth: 1
  m_ChildForceExpandHeight: 0
--- !u!114 &1519134841
MonoBehaviour:
  m_ObjectHideFlags: 0
  m_PrefabParentObject: {fileID: 11410084, guid: 9c7d38fc3e2acc548939c297129961df,
    type: 2}
  m_PrefabInternal: {fileID: 1789098443}
  m_GameObject: {fileID: 1519134839}
  m_Enabled: 1
  m_EditorHideFlags: 0
  m_Script: {fileID: -765806418, guid: f5f67c52d1564df4a8936ccd202a3bd8, type: 3}
  m_Name: 
  m_EditorClassIdentifier: 
  m_Material: {fileID: 0}
  m_Color: {r: 1, g: 1, b: 1, a: 1}
  m_RaycastTarget: 1
  m_OnCullStateChanged:
    m_PersistentCalls:
      m_Calls: []
    m_TypeName: UnityEngine.UI.MaskableGraphic+CullStateChangedEvent, UnityEngine.UI,
      Version=1.0.0.0, Culture=neutral, PublicKeyToken=null
  m_Sprite: {fileID: 21300000, guid: 7cd343ffa556bf24faae44aa804f849e, type: 3}
  m_Type: 1
  m_PreserveAspect: 0
  m_FillCenter: 1
  m_FillMethod: 4
  m_FillAmount: 1
  m_FillClockwise: 1
  m_FillOrigin: 0
--- !u!222 &1519134842
CanvasRenderer:
  m_ObjectHideFlags: 0
  m_PrefabParentObject: {fileID: 22269394, guid: 9c7d38fc3e2acc548939c297129961df,
    type: 2}
  m_PrefabInternal: {fileID: 1789098443}
  m_GameObject: {fileID: 1519134839}
--- !u!114 &1519134843
MonoBehaviour:
  m_ObjectHideFlags: 0
  m_PrefabParentObject: {fileID: 11440356, guid: 9c7d38fc3e2acc548939c297129961df,
    type: 2}
  m_PrefabInternal: {fileID: 1789098443}
  m_GameObject: {fileID: 1519134839}
  m_Enabled: 1
  m_EditorHideFlags: 0
  m_Script: {fileID: 11500000, guid: 74dd9a95e3a81e840ae3fcc0c746f13f, type: 3}
  m_Name: 
  m_EditorClassIdentifier: 
--- !u!114 &1519134844
MonoBehaviour:
  m_ObjectHideFlags: 0
  m_PrefabParentObject: {fileID: 11449040, guid: 9c7d38fc3e2acc548939c297129961df,
    type: 2}
  m_PrefabInternal: {fileID: 1789098443}
  m_GameObject: {fileID: 1519134839}
  m_Enabled: 1
  m_EditorHideFlags: 0
  m_Script: {fileID: 1301386320, guid: f5f67c52d1564df4a8936ccd202a3bd8, type: 3}
  m_Name: 
  m_EditorClassIdentifier: 
  m_IgnoreReversedGraphics: 1
  m_BlockingObjects: 0
  m_BlockingMask:
    serializedVersion: 2
    m_Bits: 4294967295
--- !u!114 &1519134845
MonoBehaviour:
  m_ObjectHideFlags: 0
  m_PrefabParentObject: {fileID: 11463694, guid: 9c7d38fc3e2acc548939c297129961df,
    type: 2}
  m_PrefabInternal: {fileID: 1789098443}
  m_GameObject: {fileID: 1519134839}
  m_Enabled: 1
  m_EditorHideFlags: 0
  m_Script: {fileID: 1980459831, guid: f5f67c52d1564df4a8936ccd202a3bd8, type: 3}
  m_Name: 
  m_EditorClassIdentifier: 
  m_UiScaleMode: 1
  m_ReferencePixelsPerUnit: 100
  m_ScaleFactor: 1
  m_ReferenceResolution: {x: 800, y: 600}
  m_ScreenMatchMode: 0
  m_MatchWidthOrHeight: .5
  m_PhysicalUnit: 3
  m_FallbackScreenDPI: 96
  m_DefaultSpriteDPI: 96
  m_DynamicPixelsPerUnit: 1
--- !u!223 &1519134846
Canvas:
  m_ObjectHideFlags: 0
  m_PrefabParentObject: {fileID: 22397338, guid: 9c7d38fc3e2acc548939c297129961df,
    type: 2}
  m_PrefabInternal: {fileID: 1789098443}
  m_GameObject: {fileID: 1519134839}
  m_Enabled: 1
  serializedVersion: 2
  m_RenderMode: 0
  m_Camera: {fileID: 0}
  m_PlaneDistance: 100
  m_PixelPerfect: 0
  m_ReceivesEvents: 1
  m_OverrideSorting: 0
  m_OverridePixelPerfect: 0
  m_SortingLayerID: 0
  m_SortingOrder: 0
--- !u!1 &1694395364
GameObject:
  m_ObjectHideFlags: 0
  m_PrefabParentObject: {fileID: 190402, guid: 9c7d38fc3e2acc548939c297129961df, type: 2}
  m_PrefabInternal: {fileID: 1789098443}
  serializedVersion: 4
  m_Component:
  - 224: {fileID: 1694395369}
  - 222: {fileID: 1694395368}
  - 114: {fileID: 1694395367}
  - 114: {fileID: 1694395366}
  - 114: {fileID: 1694395365}
  m_Layer: 5
  m_Name: SkipButton
  m_TagString: Untagged
  m_Icon: {fileID: 0}
  m_NavMeshLayer: 0
  m_StaticEditorFlags: 0
  m_IsActive: 1
--- !u!114 &1694395365
MonoBehaviour:
  m_ObjectHideFlags: 0
  m_PrefabParentObject: {fileID: 11457572, guid: 9c7d38fc3e2acc548939c297129961df,
    type: 2}
  m_PrefabInternal: {fileID: 1789098443}
  m_GameObject: {fileID: 1694395364}
  m_Enabled: 1
  m_EditorHideFlags: 0
  m_Script: {fileID: 1679637790, guid: f5f67c52d1564df4a8936ccd202a3bd8, type: 3}
  m_Name: 
  m_EditorClassIdentifier: 
  m_IgnoreLayout: 0
  m_MinWidth: -1
  m_MinHeight: 50
  m_PreferredWidth: -1
  m_PreferredHeight: 50
  m_FlexibleWidth: 1
  m_FlexibleHeight: -1
--- !u!114 &1694395366
MonoBehaviour:
  m_ObjectHideFlags: 0
  m_PrefabParentObject: {fileID: 11491776, guid: 9c7d38fc3e2acc548939c297129961df,
    type: 2}
  m_PrefabInternal: {fileID: 1789098443}
  m_GameObject: {fileID: 1694395364}
  m_Enabled: 1
  m_EditorHideFlags: 0
  m_Script: {fileID: 1392445389, guid: f5f67c52d1564df4a8936ccd202a3bd8, type: 3}
  m_Name: 
  m_EditorClassIdentifier: 
  m_Navigation:
    m_Mode: 3
    m_SelectOnUp: {fileID: 0}
    m_SelectOnDown: {fileID: 0}
    m_SelectOnLeft: {fileID: 0}
    m_SelectOnRight: {fileID: 0}
  m_Transition: 1
  m_Colors:
    m_NormalColor: {r: 1, g: 1, b: 1, a: 1}
    m_HighlightedColor: {r: .742647052, g: .742647052, b: .742647052, a: 1}
    m_PressedColor: {r: .610294104, g: .610294104, b: .610294104, a: 1}
    m_DisabledColor: {r: .610294104, g: .610294104, b: .610294104, a: .501960814}
    m_ColorMultiplier: 1
    m_FadeDuration: .100000001
  m_SpriteState:
    m_HighlightedSprite: {fileID: 0}
    m_PressedSprite: {fileID: 0}
    m_DisabledSprite: {fileID: 0}
  m_AnimationTriggers:
    m_NormalTrigger: Normal
    m_HighlightedTrigger: Highlighted
    m_PressedTrigger: Pressed
    m_DisabledTrigger: Disabled
  m_Interactable: 1
  m_TargetGraphic: {fileID: 1694395367}
  m_OnClick:
    m_PersistentCalls:
      m_Calls: []
    m_TypeName: UnityEngine.UI.Button+ButtonClickedEvent, UnityEngine.UI, Version=1.0.0.0,
      Culture=neutral, PublicKeyToken=null
--- !u!114 &1694395367
MonoBehaviour:
  m_ObjectHideFlags: 0
  m_PrefabParentObject: {fileID: 11453146, guid: 9c7d38fc3e2acc548939c297129961df,
    type: 2}
  m_PrefabInternal: {fileID: 1789098443}
  m_GameObject: {fileID: 1694395364}
  m_Enabled: 1
  m_EditorHideFlags: 0
  m_Script: {fileID: -765806418, guid: f5f67c52d1564df4a8936ccd202a3bd8, type: 3}
  m_Name: 
  m_EditorClassIdentifier: 
  m_Material: {fileID: 0}
  m_Color: {r: 0, g: .270588249, b: .58431375, a: 1}
  m_RaycastTarget: 1
  m_OnCullStateChanged:
    m_PersistentCalls:
      m_Calls: []
    m_TypeName: UnityEngine.UI.MaskableGraphic+CullStateChangedEvent, UnityEngine.UI,
      Version=1.0.0.0, Culture=neutral, PublicKeyToken=null
  m_Sprite: {fileID: 21300000, guid: 7cd343ffa556bf24faae44aa804f849e, type: 3}
  m_Type: 1
  m_PreserveAspect: 0
  m_FillCenter: 1
  m_FillMethod: 4
  m_FillAmount: 1
  m_FillClockwise: 1
  m_FillOrigin: 0
--- !u!222 &1694395368
CanvasRenderer:
  m_ObjectHideFlags: 0
  m_PrefabParentObject: {fileID: 22243504, guid: 9c7d38fc3e2acc548939c297129961df,
    type: 2}
  m_PrefabInternal: {fileID: 1789098443}
  m_GameObject: {fileID: 1694395364}
--- !u!224 &1694395369
RectTransform:
  m_ObjectHideFlags: 0
  m_PrefabParentObject: {fileID: 22494036, guid: 9c7d38fc3e2acc548939c297129961df,
    type: 2}
  m_PrefabInternal: {fileID: 1789098443}
  m_GameObject: {fileID: 1694395364}
  m_LocalRotation: {x: 0, y: 0, z: 0, w: 1}
  m_LocalPosition: {x: 0, y: 0, z: 0}
  m_LocalScale: {x: 1, y: 1, z: 1}
  m_Children:
  - {fileID: 457668139}
  m_Father: {fileID: 29519827}
  m_RootOrder: 2
  m_AnchorMin: {x: 0, y: 0}
  m_AnchorMax: {x: 0, y: 0}
  m_AnchoredPosition: {x: 0, y: 0}
  m_SizeDelta: {x: 0, y: 0}
  m_Pivot: {x: .50000006, y: .499999851}
--- !u!1001 &1789098443
Prefab:
  m_ObjectHideFlags: 0
  serializedVersion: 2
  m_Modification:
    m_TransformParent: {fileID: 1227253275}
    m_Modifications:
    - target: {fileID: 22413772, guid: 9c7d38fc3e2acc548939c297129961df, type: 2}
      propertyPath: m_LocalPosition.x
      value: 0
      objectReference: {fileID: 0}
    - target: {fileID: 22413772, guid: 9c7d38fc3e2acc548939c297129961df, type: 2}
      propertyPath: m_LocalPosition.y
      value: 0
      objectReference: {fileID: 0}
    - target: {fileID: 22413772, guid: 9c7d38fc3e2acc548939c297129961df, type: 2}
      propertyPath: m_LocalPosition.z
      value: 0
      objectReference: {fileID: 0}
    - target: {fileID: 22413772, guid: 9c7d38fc3e2acc548939c297129961df, type: 2}
      propertyPath: m_LocalRotation.x
      value: 0
      objectReference: {fileID: 0}
    - target: {fileID: 22413772, guid: 9c7d38fc3e2acc548939c297129961df, type: 2}
      propertyPath: m_LocalRotation.y
      value: 0
      objectReference: {fileID: 0}
    - target: {fileID: 22413772, guid: 9c7d38fc3e2acc548939c297129961df, type: 2}
      propertyPath: m_LocalRotation.z
      value: 0
      objectReference: {fileID: 0}
    - target: {fileID: 22413772, guid: 9c7d38fc3e2acc548939c297129961df, type: 2}
      propertyPath: m_LocalRotation.w
      value: 1
      objectReference: {fileID: 0}
    - target: {fileID: 22413772, guid: 9c7d38fc3e2acc548939c297129961df, type: 2}
      propertyPath: m_RootOrder
      value: 0
      objectReference: {fileID: 0}
    - target: {fileID: 22413772, guid: 9c7d38fc3e2acc548939c297129961df, type: 2}
      propertyPath: m_AnchoredPosition.x
      value: 0
      objectReference: {fileID: 0}
    - target: {fileID: 22413772, guid: 9c7d38fc3e2acc548939c297129961df, type: 2}
      propertyPath: m_AnchoredPosition.y
      value: 0
      objectReference: {fileID: 0}
    - target: {fileID: 22413772, guid: 9c7d38fc3e2acc548939c297129961df, type: 2}
      propertyPath: m_SizeDelta.x
      value: 0
      objectReference: {fileID: 0}
    - target: {fileID: 22413772, guid: 9c7d38fc3e2acc548939c297129961df, type: 2}
      propertyPath: m_SizeDelta.y
      value: 0
      objectReference: {fileID: 0}
    - target: {fileID: 22413772, guid: 9c7d38fc3e2acc548939c297129961df, type: 2}
      propertyPath: m_AnchorMin.x
      value: 0
      objectReference: {fileID: 0}
    - target: {fileID: 22413772, guid: 9c7d38fc3e2acc548939c297129961df, type: 2}
      propertyPath: m_AnchorMin.y
      value: 0
      objectReference: {fileID: 0}
    - target: {fileID: 22413772, guid: 9c7d38fc3e2acc548939c297129961df, type: 2}
      propertyPath: m_AnchorMax.x
      value: 0
      objectReference: {fileID: 0}
    - target: {fileID: 22413772, guid: 9c7d38fc3e2acc548939c297129961df, type: 2}
      propertyPath: m_AnchorMax.y
      value: 0
      objectReference: {fileID: 0}
    - target: {fileID: 22413772, guid: 9c7d38fc3e2acc548939c297129961df, type: 2}
      propertyPath: m_Pivot.x
      value: 0
      objectReference: {fileID: 0}
    - target: {fileID: 22413772, guid: 9c7d38fc3e2acc548939c297129961df, type: 2}
      propertyPath: m_Pivot.y
      value: 0
      objectReference: {fileID: 0}
    - target: {fileID: 11443568, guid: 9c7d38fc3e2acc548939c297129961df, type: 2}
      propertyPath: m_CellSize.y
      value: 225.355408
      objectReference: {fileID: 0}
    - target: {fileID: 172690, guid: 9c7d38fc3e2acc548939c297129961df, type: 2}
      propertyPath: m_IsActive
      value: 0
      objectReference: {fileID: 0}
    m_RemovedComponents: []
  m_ParentPrefab: {fileID: 100100000, guid: 9c7d38fc3e2acc548939c297129961df, type: 2}
  m_RootGameObject: {fileID: 1519134839}
  m_IsPrefabParent: 0
--- !u!224 &1789098444
RectTransform:
  m_ObjectHideFlags: 0
  m_PrefabParentObject: {fileID: 22413772, guid: 9c7d38fc3e2acc548939c297129961df,
    type: 2}
  m_PrefabInternal: {fileID: 1789098443}
  m_GameObject: {fileID: 1519134839}
  m_LocalRotation: {x: 0, y: 0, z: 0, w: 1}
  m_LocalPosition: {x: 0, y: 0, z: 0}
  m_LocalScale: {x: 0, y: 0, z: 0}
  m_Children:
  - {fileID: 641695440}
  - {fileID: 599426370}
  - {fileID: 29519827}
  m_Father: {fileID: 1227253275}
  m_RootOrder: 0
  m_AnchorMin: {x: 0, y: 0}
  m_AnchorMax: {x: 0, y: 0}
  m_AnchoredPosition: {x: 0, y: 0}
  m_SizeDelta: {x: 0, y: 0}
  m_Pivot: {x: 0, y: 0}
--- !u!1 &1872840897
GameObject:
  m_ObjectHideFlags: 0
  m_PrefabParentObject: {fileID: 146098, guid: 9c7d38fc3e2acc548939c297129961df, type: 2}
  m_PrefabInternal: {fileID: 1789098443}
  serializedVersion: 4
  m_Component:
  - 224: {fileID: 1872840898}
  - 222: {fileID: 1872840900}
  - 114: {fileID: 1872840899}
  m_Layer: 5
  m_Name: Text
  m_TagString: Untagged
  m_Icon: {fileID: 0}
  m_NavMeshLayer: 0
  m_StaticEditorFlags: 0
  m_IsActive: 1
--- !u!224 &1872840898
RectTransform:
  m_ObjectHideFlags: 0
  m_PrefabParentObject: {fileID: 22412770, guid: 9c7d38fc3e2acc548939c297129961df,
    type: 2}
  m_PrefabInternal: {fileID: 1789098443}
  m_GameObject: {fileID: 1872840897}
  m_LocalRotation: {x: 0, y: 0, z: 0, w: 1}
  m_LocalPosition: {x: 0, y: 0, z: 0}
  m_LocalScale: {x: 1, y: 1, z: 1}
  m_Children: []
  m_Father: {fileID: 119072606}
  m_RootOrder: 0
  m_AnchorMin: {x: 0, y: 0}
  m_AnchorMax: {x: 1, y: 1}
  m_AnchoredPosition: {x: -.25, y: -.46900177}
  m_SizeDelta: {x: -.5, y: .940002441}
  m_Pivot: {x: .5, y: .5}
--- !u!114 &1872840899
MonoBehaviour:
  m_ObjectHideFlags: 0
  m_PrefabParentObject: {fileID: 11477460, guid: 9c7d38fc3e2acc548939c297129961df,
    type: 2}
  m_PrefabInternal: {fileID: 1789098443}
  m_GameObject: {fileID: 1872840897}
  m_Enabled: 1
  m_EditorHideFlags: 0
  m_Script: {fileID: 708705254, guid: f5f67c52d1564df4a8936ccd202a3bd8, type: 3}
  m_Name: 
  m_EditorClassIdentifier: 
  m_Material: {fileID: 0}
  m_Color: {r: 0, g: 0, b: 0, a: 1}
  m_RaycastTarget: 1
  m_OnCullStateChanged:
    m_PersistentCalls:
      m_Calls: []
    m_TypeName: UnityEngine.UI.MaskableGraphic+CullStateChangedEvent, UnityEngine.UI,
      Version=1.0.0.0, Culture=neutral, PublicKeyToken=null
  m_FontData:
    m_Font: {fileID: 12800000, guid: f3c49730a04001c4db7a724b96aae75f, type: 3}
    m_FontSize: 14
    m_FontStyle: 0
    m_BestFit: 1
    m_MinSize: 10
    m_MaxSize: 30
    m_Alignment: 4
    m_RichText: 1
    m_HorizontalOverflow: 0
    m_VerticalOverflow: 0
    m_LineSpacing: 1
  m_Text: X
--- !u!222 &1872840900
CanvasRenderer:
  m_ObjectHideFlags: 0
  m_PrefabParentObject: {fileID: 22285894, guid: 9c7d38fc3e2acc548939c297129961df,
    type: 2}
  m_PrefabInternal: {fileID: 1789098443}
  m_GameObject: {fileID: 1872840897}
--- !u!1 &1920938933
GameObject:
  m_ObjectHideFlags: 0
  m_PrefabParentObject: {fileID: 150214, guid: 9c7d38fc3e2acc548939c297129961df, type: 2}
  m_PrefabInternal: {fileID: 1789098443}
  serializedVersion: 4
  m_Component:
  - 224: {fileID: 1920938934}
  - 222: {fileID: 1920938938}
  - 114: {fileID: 1920938937}
  - 114: {fileID: 1920938936}
  - 114: {fileID: 1920938935}
  m_Layer: 5
  m_Name: SubmitButton
  m_TagString: Untagged
  m_Icon: {fileID: 0}
  m_NavMeshLayer: 0
  m_StaticEditorFlags: 0
  m_IsActive: 1
--- !u!224 &1920938934
RectTransform:
  m_ObjectHideFlags: 0
  m_PrefabParentObject: {fileID: 22484176, guid: 9c7d38fc3e2acc548939c297129961df,
    type: 2}
  m_PrefabInternal: {fileID: 1789098443}
  m_GameObject: {fileID: 1920938933}
  m_LocalRotation: {x: 0, y: 0, z: 0, w: 1}
  m_LocalPosition: {x: 0, y: 0, z: 0}
  m_LocalScale: {x: 1, y: 1, z: 1}
  m_Children:
  - {fileID: 217161710}
  m_Father: {fileID: 29519827}
  m_RootOrder: 1
  m_AnchorMin: {x: 0, y: 0}
  m_AnchorMax: {x: 0, y: 0}
  m_AnchoredPosition: {x: 0, y: 0}
  m_SizeDelta: {x: 0, y: 0}
  m_Pivot: {x: .50000006, y: .499999851}
--- !u!114 &1920938935
MonoBehaviour:
  m_ObjectHideFlags: 0
  m_PrefabParentObject: {fileID: 11484130, guid: 9c7d38fc3e2acc548939c297129961df,
    type: 2}
  m_PrefabInternal: {fileID: 1789098443}
  m_GameObject: {fileID: 1920938933}
  m_Enabled: 1
  m_EditorHideFlags: 0
  m_Script: {fileID: 1679637790, guid: f5f67c52d1564df4a8936ccd202a3bd8, type: 3}
  m_Name: 
  m_EditorClassIdentifier: 
  m_IgnoreLayout: 0
  m_MinWidth: -1
  m_MinHeight: 50
  m_PreferredWidth: -1
  m_PreferredHeight: 50
  m_FlexibleWidth: 1
  m_FlexibleHeight: -1
--- !u!114 &1920938936
MonoBehaviour:
  m_ObjectHideFlags: 0
  m_PrefabParentObject: {fileID: 11403134, guid: 9c7d38fc3e2acc548939c297129961df,
    type: 2}
  m_PrefabInternal: {fileID: 1789098443}
  m_GameObject: {fileID: 1920938933}
  m_Enabled: 1
  m_EditorHideFlags: 0
  m_Script: {fileID: 1392445389, guid: f5f67c52d1564df4a8936ccd202a3bd8, type: 3}
  m_Name: 
  m_EditorClassIdentifier: 
  m_Navigation:
    m_Mode: 3
    m_SelectOnUp: {fileID: 0}
    m_SelectOnDown: {fileID: 0}
    m_SelectOnLeft: {fileID: 0}
    m_SelectOnRight: {fileID: 0}
  m_Transition: 1
  m_Colors:
    m_NormalColor: {r: 1, g: 1, b: 1, a: 1}
    m_HighlightedColor: {r: .742647052, g: .742647052, b: .742647052, a: 1}
    m_PressedColor: {r: .610294104, g: .610294104, b: .610294104, a: 1}
    m_DisabledColor: {r: .610294104, g: .610294104, b: .610294104, a: .501960814}
    m_ColorMultiplier: 1
    m_FadeDuration: .100000001
  m_SpriteState:
    m_HighlightedSprite: {fileID: 0}
    m_PressedSprite: {fileID: 0}
    m_DisabledSprite: {fileID: 0}
  m_AnimationTriggers:
    m_NormalTrigger: Normal
    m_HighlightedTrigger: Highlighted
    m_PressedTrigger: Pressed
    m_DisabledTrigger: Disabled
  m_Interactable: 1
  m_TargetGraphic: {fileID: 1920938937}
  m_OnClick:
    m_PersistentCalls:
      m_Calls: []
    m_TypeName: UnityEngine.UI.Button+ButtonClickedEvent, UnityEngine.UI, Version=1.0.0.0,
      Culture=neutral, PublicKeyToken=null
--- !u!114 &1920938937
MonoBehaviour:
  m_ObjectHideFlags: 0
  m_PrefabParentObject: {fileID: 11471026, guid: 9c7d38fc3e2acc548939c297129961df,
    type: 2}
  m_PrefabInternal: {fileID: 1789098443}
  m_GameObject: {fileID: 1920938933}
  m_Enabled: 1
  m_EditorHideFlags: 0
  m_Script: {fileID: -765806418, guid: f5f67c52d1564df4a8936ccd202a3bd8, type: 3}
  m_Name: 
  m_EditorClassIdentifier: 
  m_Material: {fileID: 0}
  m_Color: {r: 0, g: .270588249, b: .58431375, a: 1}
  m_RaycastTarget: 1
  m_OnCullStateChanged:
    m_PersistentCalls:
      m_Calls: []
    m_TypeName: UnityEngine.UI.MaskableGraphic+CullStateChangedEvent, UnityEngine.UI,
      Version=1.0.0.0, Culture=neutral, PublicKeyToken=null
  m_Sprite: {fileID: 21300000, guid: 7cd343ffa556bf24faae44aa804f849e, type: 3}
  m_Type: 1
  m_PreserveAspect: 0
  m_FillCenter: 1
  m_FillMethod: 4
  m_FillAmount: 1
  m_FillClockwise: 1
  m_FillOrigin: 0
--- !u!222 &1920938938
CanvasRenderer:
  m_ObjectHideFlags: 0
  m_PrefabParentObject: {fileID: 22212830, guid: 9c7d38fc3e2acc548939c297129961df,
    type: 2}
  m_PrefabInternal: {fileID: 1789098443}
  m_GameObject: {fileID: 1920938933}
--- !u!1 &1953914149
GameObject:
  m_ObjectHideFlags: 0
  m_PrefabParentObject: {fileID: 0}
  m_PrefabInternal: {fileID: 0}
  serializedVersion: 4
  m_Component:
  - 4: {fileID: 1953914153}
  - 114: {fileID: 1953914152}
  - 114: {fileID: 1953914151}
  - 114: {fileID: 1953914150}
  m_Layer: 0
  m_Name: EventSystem
  m_TagString: Untagged
  m_Icon: {fileID: 0}
  m_NavMeshLayer: 0
  m_StaticEditorFlags: 0
  m_IsActive: 1
--- !u!114 &1953914150
MonoBehaviour:
  m_ObjectHideFlags: 0
  m_PrefabParentObject: {fileID: 0}
  m_PrefabInternal: {fileID: 0}
  m_GameObject: {fileID: 1953914149}
  m_Enabled: 1
  m_EditorHideFlags: 0
  m_Script: {fileID: 1997211142, guid: f5f67c52d1564df4a8936ccd202a3bd8, type: 3}
  m_Name: 
  m_EditorClassIdentifier: 
  m_ForceModuleActive: 0
--- !u!114 &1953914151
MonoBehaviour:
  m_ObjectHideFlags: 0
  m_PrefabParentObject: {fileID: 0}
  m_PrefabInternal: {fileID: 0}
  m_GameObject: {fileID: 1953914149}
  m_Enabled: 1
  m_EditorHideFlags: 0
  m_Script: {fileID: 1077351063, guid: f5f67c52d1564df4a8936ccd202a3bd8, type: 3}
  m_Name: 
  m_EditorClassIdentifier: 
  m_HorizontalAxis: Horizontal
  m_VerticalAxis: Vertical
  m_SubmitButton: Submit
  m_CancelButton: Cancel
  m_InputActionsPerSecond: 10
  m_RepeatDelay: .5
  m_ForceModuleActive: 0
--- !u!114 &1953914152
MonoBehaviour:
  m_ObjectHideFlags: 0
  m_PrefabParentObject: {fileID: 0}
  m_PrefabInternal: {fileID: 0}
  m_GameObject: {fileID: 1953914149}
  m_Enabled: 1
  m_EditorHideFlags: 0
  m_Script: {fileID: -619905303, guid: f5f67c52d1564df4a8936ccd202a3bd8, type: 3}
  m_Name: 
  m_EditorClassIdentifier: 
  m_FirstSelected: {fileID: 0}
  m_sendNavigationEvents: 1
  m_DragThreshold: 5
--- !u!4 &1953914153
Transform:
  m_ObjectHideFlags: 0
  m_PrefabParentObject: {fileID: 0}
  m_PrefabInternal: {fileID: 0}
  m_GameObject: {fileID: 1953914149}
  m_LocalRotation: {x: 0, y: 0, z: 0, w: 1}
  m_LocalPosition: {x: 0, y: 0, z: 0}
  m_LocalScale: {x: 1, y: 1, z: 1}
  m_Children: []
  m_Father: {fileID: 0}
  m_RootOrder: 1
--- !u!1 &1980315728
GameObject:
  m_ObjectHideFlags: 0
  m_PrefabParentObject: {fileID: 131666, guid: 9c7d38fc3e2acc548939c297129961df, type: 2}
  m_PrefabInternal: {fileID: 1789098443}
  serializedVersion: 4
  m_Component:
  - 224: {fileID: 1980315729}
  - 222: {fileID: 1980315731}
  - 114: {fileID: 1980315730}
  m_Layer: 5
  m_Name: Text
  m_TagString: Untagged
  m_Icon: {fileID: 0}
  m_NavMeshLayer: 0
  m_StaticEditorFlags: 0
  m_IsActive: 1
--- !u!224 &1980315729
RectTransform:
  m_ObjectHideFlags: 0
  m_PrefabParentObject: {fileID: 22452346, guid: 9c7d38fc3e2acc548939c297129961df,
    type: 2}
  m_PrefabInternal: {fileID: 1789098443}
  m_GameObject: {fileID: 1980315728}
  m_LocalRotation: {x: 0, y: 0, z: 0, w: 1}
  m_LocalPosition: {x: 0, y: 0, z: 0}
  m_LocalScale: {x: 1, y: 1, z: 1}
  m_Children: []
  m_Father: {fileID: 749473636}
  m_RootOrder: 0
  m_AnchorMin: {x: 0, y: 0}
  m_AnchorMax: {x: 1, y: 1}
  m_AnchoredPosition: {x: -.25, y: -.46900177}
  m_SizeDelta: {x: -.5, y: .940002441}
  m_Pivot: {x: .5, y: .5}
--- !u!114 &1980315730
MonoBehaviour:
  m_ObjectHideFlags: 0
  m_PrefabParentObject: {fileID: 11433584, guid: 9c7d38fc3e2acc548939c297129961df,
    type: 2}
  m_PrefabInternal: {fileID: 1789098443}
  m_GameObject: {fileID: 1980315728}
  m_Enabled: 1
  m_EditorHideFlags: 0
  m_Script: {fileID: 708705254, guid: f5f67c52d1564df4a8936ccd202a3bd8, type: 3}
  m_Name: 
  m_EditorClassIdentifier: 
  m_Material: {fileID: 0}
  m_Color: {r: 1, g: 1, b: 1, a: 1}
  m_RaycastTarget: 1
  m_OnCullStateChanged:
    m_PersistentCalls:
      m_Calls: []
    m_TypeName: UnityEngine.UI.MaskableGraphic+CullStateChangedEvent, UnityEngine.UI,
      Version=1.0.0.0, Culture=neutral, PublicKeyToken=null
  m_FontData:
    m_Font: {fileID: 12800000, guid: f3c49730a04001c4db7a724b96aae75f, type: 3}
    m_FontSize: 14
    m_FontStyle: 0
    m_BestFit: 1
    m_MinSize: 10
    m_MaxSize: 30
    m_Alignment: 4
    m_RichText: 1
    m_HorizontalOverflow: 0
    m_VerticalOverflow: 0
    m_LineSpacing: 1
  m_Text: = X
--- !u!222 &1980315731
CanvasRenderer:
  m_ObjectHideFlags: 0
  m_PrefabParentObject: {fileID: 22250528, guid: 9c7d38fc3e2acc548939c297129961df,
    type: 2}
  m_PrefabInternal: {fileID: 1789098443}
  m_GameObject: {fileID: 1980315728}
--- !u!1 &2052780842
GameObject:
  m_ObjectHideFlags: 0
  m_PrefabParentObject: {fileID: 169228, guid: 9c7d38fc3e2acc548939c297129961df, type: 2}
  m_PrefabInternal: {fileID: 1789098443}
  serializedVersion: 4
  m_Component:
  - 224: {fileID: 2052780843}
  - 222: {fileID: 2052780847}
  - 114: {fileID: 2052780846}
  - 114: {fileID: 2052780845}
  - 114: {fileID: 2052780844}
  m_Layer: 5
  m_Name: UIOperatorLabel
  m_TagString: Untagged
  m_Icon: {fileID: 0}
  m_NavMeshLayer: 0
  m_StaticEditorFlags: 0
  m_IsActive: 0
--- !u!224 &2052780843
RectTransform:
  m_ObjectHideFlags: 0
  m_PrefabParentObject: {fileID: 22430940, guid: 9c7d38fc3e2acc548939c297129961df,
    type: 2}
  m_PrefabInternal: {fileID: 1789098443}
  m_GameObject: {fileID: 2052780842}
  m_LocalRotation: {x: 0, y: 0, z: 0, w: 1}
  m_LocalPosition: {x: 0, y: 0, z: 0}
  m_LocalScale: {x: .879939437, y: .879939437, z: .879939437}
  m_Children:
  - {fileID: 2060715388}
  m_Father: {fileID: 599426370}
  m_RootOrder: 1
  m_AnchorMin: {x: 0, y: 1}
  m_AnchorMax: {x: 0, y: 1}
  m_AnchoredPosition: {x: 446.252319, y: -181.406189}
  m_SizeDelta: {x: 297.501556, y: 150}
  m_Pivot: {x: .5, y: .5}
--- !u!114 &2052780844
MonoBehaviour:
  m_ObjectHideFlags: 0
  m_PrefabParentObject: {fileID: 11419452, guid: 9c7d38fc3e2acc548939c297129961df,
    type: 2}
  m_PrefabInternal: {fileID: 1789098443}
  m_GameObject: {fileID: 2052780842}
  m_Enabled: 1
  m_EditorHideFlags: 0
  m_Script: {fileID: 1679637790, guid: f5f67c52d1564df4a8936ccd202a3bd8, type: 3}
  m_Name: 
  m_EditorClassIdentifier: 
  m_IgnoreLayout: 0
  m_MinWidth: -1
  m_MinHeight: -1
  m_PreferredWidth: -1
  m_PreferredHeight: 150
  m_FlexibleWidth: 1
  m_FlexibleHeight: -1
--- !u!114 &2052780845
MonoBehaviour:
  m_ObjectHideFlags: 0
  m_PrefabParentObject: {fileID: 11497556, guid: 9c7d38fc3e2acc548939c297129961df,
    type: 2}
  m_PrefabInternal: {fileID: 1789098443}
  m_GameObject: {fileID: 2052780842}
  m_Enabled: 1
  m_EditorHideFlags: 0
  m_Script: {fileID: 11500000, guid: ae43d7a0ed29d534b8c00f4544063764, type: 3}
  m_Name: 
  m_EditorClassIdentifier: 
--- !u!114 &2052780846
MonoBehaviour:
  m_ObjectHideFlags: 0
  m_PrefabParentObject: {fileID: 11473072, guid: 9c7d38fc3e2acc548939c297129961df,
    type: 2}
  m_PrefabInternal: {fileID: 1789098443}
  m_GameObject: {fileID: 2052780842}
  m_Enabled: 1
  m_EditorHideFlags: 0
  m_Script: {fileID: -765806418, guid: f5f67c52d1564df4a8936ccd202a3bd8, type: 3}
  m_Name: 
  m_EditorClassIdentifier: 
  m_Material: {fileID: 0}
  m_Color: {r: .33088237, g: .33088237, b: .33088237, a: 1}
  m_RaycastTarget: 1
  m_OnCullStateChanged:
    m_PersistentCalls:
      m_Calls: []
    m_TypeName: UnityEngine.UI.MaskableGraphic+CullStateChangedEvent, UnityEngine.UI,
      Version=1.0.0.0, Culture=neutral, PublicKeyToken=null
  m_Sprite: {fileID: 21300000, guid: 7cd343ffa556bf24faae44aa804f849e, type: 3}
  m_Type: 1
  m_PreserveAspect: 0
  m_FillCenter: 1
  m_FillMethod: 4
  m_FillAmount: 1
  m_FillClockwise: 1
  m_FillOrigin: 0
--- !u!222 &2052780847
CanvasRenderer:
  m_ObjectHideFlags: 0
  m_PrefabParentObject: {fileID: 22277550, guid: 9c7d38fc3e2acc548939c297129961df,
    type: 2}
  m_PrefabInternal: {fileID: 1789098443}
  m_GameObject: {fileID: 2052780842}
--- !u!1 &2060715387
GameObject:
  m_ObjectHideFlags: 0
  m_PrefabParentObject: {fileID: 119764, guid: 9c7d38fc3e2acc548939c297129961df, type: 2}
  m_PrefabInternal: {fileID: 1789098443}
  serializedVersion: 4
  m_Component:
  - 224: {fileID: 2060715388}
  - 222: {fileID: 2060715390}
  - 114: {fileID: 2060715389}
  m_Layer: 5
  m_Name: Text
  m_TagString: Untagged
  m_Icon: {fileID: 0}
  m_NavMeshLayer: 0
  m_StaticEditorFlags: 0
  m_IsActive: 1
--- !u!224 &2060715388
RectTransform:
  m_ObjectHideFlags: 0
  m_PrefabParentObject: {fileID: 22461902, guid: 9c7d38fc3e2acc548939c297129961df,
    type: 2}
  m_PrefabInternal: {fileID: 1789098443}
  m_GameObject: {fileID: 2060715387}
  m_LocalRotation: {x: 0, y: 0, z: 0, w: 1}
  m_LocalPosition: {x: 0, y: 0, z: 0}
  m_LocalScale: {x: 1, y: 1, z: 1}
  m_Children: []
  m_Father: {fileID: 2052780843}
  m_RootOrder: 0
  m_AnchorMin: {x: 0, y: 0}
  m_AnchorMax: {x: 1, y: 1}
  m_AnchoredPosition: {x: -.25, y: -.46900177}
  m_SizeDelta: {x: -.5, y: .940002441}
  m_Pivot: {x: .5, y: .5}
--- !u!114 &2060715389
MonoBehaviour:
  m_ObjectHideFlags: 0
  m_PrefabParentObject: {fileID: 11414476, guid: 9c7d38fc3e2acc548939c297129961df,
    type: 2}
  m_PrefabInternal: {fileID: 1789098443}
  m_GameObject: {fileID: 2060715387}
  m_Enabled: 1
  m_EditorHideFlags: 0
  m_Script: {fileID: 708705254, guid: f5f67c52d1564df4a8936ccd202a3bd8, type: 3}
  m_Name: 
  m_EditorClassIdentifier: 
  m_Material: {fileID: 0}
  m_Color: {r: 1, g: 1, b: 1, a: 1}
  m_RaycastTarget: 1
  m_OnCullStateChanged:
    m_PersistentCalls:
      m_Calls: []
    m_TypeName: UnityEngine.UI.MaskableGraphic+CullStateChangedEvent, UnityEngine.UI,
      Version=1.0.0.0, Culture=neutral, PublicKeyToken=null
  m_FontData:
    m_Font: {fileID: 12800000, guid: f3c49730a04001c4db7a724b96aae75f, type: 3}
    m_FontSize: 14
    m_FontStyle: 0
    m_BestFit: 1
    m_MinSize: 10
    m_MaxSize: 30
    m_Alignment: 4
    m_RichText: 1
    m_HorizontalOverflow: 0
    m_VerticalOverflow: 0
    m_LineSpacing: 1
  m_Text: NAND
--- !u!222 &2060715390
CanvasRenderer:
  m_ObjectHideFlags: 0
  m_PrefabParentObject: {fileID: 22229650, guid: 9c7d38fc3e2acc548939c297129961df,
    type: 2}
  m_PrefabInternal: {fileID: 1789098443}
  m_GameObject: {fileID: 2060715387}
--- !u!1 &2098136141
GameObject:
  m_ObjectHideFlags: 0
  m_PrefabParentObject: {fileID: 175734, guid: 9c7d38fc3e2acc548939c297129961df, type: 2}
  m_PrefabInternal: {fileID: 1789098443}
  serializedVersion: 4
  m_Component:
  - 224: {fileID: 2098136142}
  - 222: {fileID: 2098136146}
  - 114: {fileID: 2098136145}
  - 114: {fileID: 2098136144}
  - 114: {fileID: 2098136143}
  m_Layer: 5
  m_Name: HistoryButton
  m_TagString: Untagged
  m_Icon: {fileID: 0}
  m_NavMeshLayer: 0
  m_StaticEditorFlags: 0
  m_IsActive: 1
--- !u!224 &2098136142
RectTransform:
  m_ObjectHideFlags: 0
  m_PrefabParentObject: {fileID: 22418946, guid: 9c7d38fc3e2acc548939c297129961df,
    type: 2}
  m_PrefabInternal: {fileID: 1789098443}
  m_GameObject: {fileID: 2098136141}
  m_LocalRotation: {x: 0, y: 0, z: 0, w: 1}
  m_LocalPosition: {x: 0, y: 0, z: 0}
  m_LocalScale: {x: 1, y: 1, z: 1}
  m_Children:
  - {fileID: 976631668}
  m_Father: {fileID: 29519827}
  m_RootOrder: 0
  m_AnchorMin: {x: 0, y: 0}
  m_AnchorMax: {x: 0, y: 0}
  m_AnchoredPosition: {x: 0, y: 0}
  m_SizeDelta: {x: 0, y: 0}
  m_Pivot: {x: .50000006, y: .499999851}
--- !u!114 &2098136143
MonoBehaviour:
  m_ObjectHideFlags: 0
  m_PrefabParentObject: {fileID: 11402484, guid: 9c7d38fc3e2acc548939c297129961df,
    type: 2}
  m_PrefabInternal: {fileID: 1789098443}
  m_GameObject: {fileID: 2098136141}
  m_Enabled: 1
  m_EditorHideFlags: 0
  m_Script: {fileID: 1679637790, guid: f5f67c52d1564df4a8936ccd202a3bd8, type: 3}
  m_Name: 
  m_EditorClassIdentifier: 
  m_IgnoreLayout: 0
  m_MinWidth: -1
  m_MinHeight: 50
  m_PreferredWidth: -1
  m_PreferredHeight: 50
  m_FlexibleWidth: 1
  m_FlexibleHeight: -1
--- !u!114 &2098136144
MonoBehaviour:
  m_ObjectHideFlags: 0
  m_PrefabParentObject: {fileID: 11460816, guid: 9c7d38fc3e2acc548939c297129961df,
    type: 2}
  m_PrefabInternal: {fileID: 1789098443}
  m_GameObject: {fileID: 2098136141}
  m_Enabled: 1
  m_EditorHideFlags: 0
  m_Script: {fileID: 1392445389, guid: f5f67c52d1564df4a8936ccd202a3bd8, type: 3}
  m_Name: 
  m_EditorClassIdentifier: 
  m_Navigation:
    m_Mode: 3
    m_SelectOnUp: {fileID: 0}
    m_SelectOnDown: {fileID: 0}
    m_SelectOnLeft: {fileID: 0}
    m_SelectOnRight: {fileID: 0}
  m_Transition: 1
  m_Colors:
    m_NormalColor: {r: 1, g: 1, b: 1, a: 1}
    m_HighlightedColor: {r: .742647052, g: .742647052, b: .742647052, a: 1}
    m_PressedColor: {r: .610294104, g: .610294104, b: .610294104, a: 1}
    m_DisabledColor: {r: .610294104, g: .610294104, b: .610294104, a: .501960814}
    m_ColorMultiplier: 1
    m_FadeDuration: .100000001
  m_SpriteState:
    m_HighlightedSprite: {fileID: 0}
    m_PressedSprite: {fileID: 0}
    m_DisabledSprite: {fileID: 0}
  m_AnimationTriggers:
    m_NormalTrigger: Normal
    m_HighlightedTrigger: Highlighted
    m_PressedTrigger: Pressed
    m_DisabledTrigger: Disabled
  m_Interactable: 1
  m_TargetGraphic: {fileID: 2098136145}
  m_OnClick:
    m_PersistentCalls:
      m_Calls: []
    m_TypeName: UnityEngine.UI.Button+ButtonClickedEvent, UnityEngine.UI, Version=1.0.0.0,
      Culture=neutral, PublicKeyToken=null
--- !u!114 &2098136145
MonoBehaviour:
  m_ObjectHideFlags: 0
  m_PrefabParentObject: {fileID: 11412836, guid: 9c7d38fc3e2acc548939c297129961df,
    type: 2}
  m_PrefabInternal: {fileID: 1789098443}
  m_GameObject: {fileID: 2098136141}
  m_Enabled: 1
  m_EditorHideFlags: 0
  m_Script: {fileID: -765806418, guid: f5f67c52d1564df4a8936ccd202a3bd8, type: 3}
  m_Name: 
  m_EditorClassIdentifier: 
  m_Material: {fileID: 0}
  m_Color: {r: 0, g: .270588249, b: .58431375, a: 1}
  m_RaycastTarget: 1
  m_OnCullStateChanged:
    m_PersistentCalls:
      m_Calls: []
    m_TypeName: UnityEngine.UI.MaskableGraphic+CullStateChangedEvent, UnityEngine.UI,
      Version=1.0.0.0, Culture=neutral, PublicKeyToken=null
  m_Sprite: {fileID: 21300000, guid: 7cd343ffa556bf24faae44aa804f849e, type: 3}
  m_Type: 1
  m_PreserveAspect: 0
  m_FillCenter: 1
  m_FillMethod: 4
  m_FillAmount: 1
  m_FillClockwise: 1
  m_FillOrigin: 0
--- !u!222 &2098136146
CanvasRenderer:
  m_ObjectHideFlags: 0
  m_PrefabParentObject: {fileID: 22237262, guid: 9c7d38fc3e2acc548939c297129961df,
    type: 2}
  m_PrefabInternal: {fileID: 1789098443}
  m_GameObject: {fileID: 2098136141}
